2200 2709
936 91 1168 132 ...2-

132 191 302 236 Μμήτης,
323 186 613 234 {totve-neumae,
640 186 690 227 de
716 187 917 236 quibusvis}
925 188 1449 240 Quaestionibusvlexilogicis
1466 193 1509 237 (Ι,
1531 203 1572 239 p.v
1590 192 1694 235 170‚),
1719 203 1741 226 a
1760 203 1822 226 me
1839 189 1971 239 dispu-

131 260 249 290 tatum
277 260 332 290 est
358 252 579 291 accuratius·
603 258 606 261 '
626 249 809 290 Ad=haaejc
829 251 946 301 :igitur-
968 252 1309 301 exempla-,summo
1336 253 1416 289 iure
1443 251 1682 297 referendum
1703 252 1872 296 ,arbitror
1897 253 1968 290 ho·

132 317 315 363 met-icum
338 317 443 355 fflud
475 313 792 361 wammam,
819 315 1014 363 ‘quoniam
1049 316 1249 364 primariae
1282 315 1588 364 significationis,
1624 315 1811 352 homerici
1841 328 1969 353 sensus

131 379 451 430 Phoenicumque-
469 386 623 417 naturae
648 377 745 427 ratio
771 378 914 431 optime
939 377 1109 419 habetur.
1162 378 1256 420 Nam
1280 385 1327 418 ut,
1348 378 1523 415 homines
1549 378 1602 414 iui
1629 390 1758 414 rerum.
1783 379 1966 413 navalium

129 442 342 490 peritissimi
366 442 652 491 praedicantur,
670 445 799 489 atque
832 441 1011 481 mercatui
1044 441 1238 489 insigniter
1269 439 1388 482 dediti
1414 453 1548 489 magna
1583 440 1718 476 itinera
1750 442 1968 489 suscipiunt,

130 504 250 552 μύρια
276 502 426 552 ἄγοντες
453 503 670 554 ἀθύρματα
695 501 935 550 (Οά.ο,415.
960 503 1282 553 ἐμπορικώτατοι,
1310 501 1570 545 ναυσίκλυτοι.
1625 501 1696 538 Cfr.
1727 502 1799 539 Οά.
1821 516 1860 549 2⁷,
1880 506 1966 539 272.

129 565 256 607 schol„
275 566 323 603 ad
348 564 581 614 namma),
608 565 801 615 iidemque
829 566 968 603 artibus
992 567 1175 603 excellunt
1201 562 1515 612 (πολυδαίδαλοι,
1539 565 1583 600 Jl.
1603 568 1651 612 ψ,
1676 562 1763 602 743.
1805 566 1868 601 cfr.
1895 566 1967 601 Od.

129 642 163 675 0,
175 627 261 666 418.
289 628 513 676 Jl.g‚289.),
541 630 591 665 ita
617 641 683 665 sua
709 636 839 665 natura
865 630 969 665 facile
995 636 1261 678 assequuntur,
1292 636 1333 664 ut
1359 629 1558 663 immensas
1586 641 1677 675 opes
1709 629 1780 663 sibi
1811 642 1965 676 compa-

129 700 211 729 rent
237 692 374 740 (Od.o,
395 691 519 739 4250,
553 691 696 741 quippe
724 692 944 741 plerumque
980 693 1018 728 in
1045 691 1242 728 insatiabili
1270 691 1348 726 auri
1377 690 1471 726 sam'e
1500 690 1684 739 explenda
1713 691 1871 726 mirifice
1900 693 1989 727 oc-'

128 756 252 804 cupati
280 759 466 804 (τρῶκται,
492 755 563 791 Ο(1.
583 768 616 801 o,
635 753 735 797 416.)
750 782 762 802 ,
783 757 918 791 versuti
945 752 1191 803 (πολυΐδριες,
1220 751 1474 800 Οά.ο,4ὒ9.),
1503 753 1724 789 fallacissimi
1754 753 1963 794 (ἀπατήλια

127 813 284 864 εἰδότες,
315 816 574 866 Ο(1.ξ,288.),
601 824 714 867 atque
741 811 769 854 a⁸
788 818 986 854 sceleribus
1013 816 1291 854 committendis
1319 816 1368 851 ita
1394 816 1524 862 alieni,
1555 822 1597 851 ut
1623 815 1828 851 Eumaeum
1858 816 1960 851 illum

126 881 416 927 probissimum,
444 881 588 929 origine
614 882 759 928 Syrum,
786 882 914 916 illustri
938 882 1022 916 loco
1050 888 1200 925 natum,
1236 880 1358 914 nutrix
1388 879 1612 923 Phoenissa,
1640 879 1773 912 mulier
1801 879 1961 925 [lagitio-

125 942 288 991 sissima,
322 956 406 979 cum
434 943 580 992 poculis
615 956 635 978 e
662 943 781 991 patria
808 942 923 979 domo
951 944 1045 979 clam
1071 942 1312 991 surripuisse,
1349 948 1559 989 surreptum
1590 941 1798 976 Phoenices
1830 947 1958 988 postea

125 1004 275 1041 Laertae
300 1006 487 1042 Jthacensi
514 1005 726 1041 vendidisse
753 1005 922 1042 dicantur
949 1006 1032 1048 (od.
1053 1003 1335 1053 0‚403⁶484.>.
1374 1056 1378 1059 Ι

877 1120 1183 1125 ww*
1988 1080 2065 1202 4

228 1191 303 1241 Sed
330 1193 404 1229 iam
432 1192 711 1243 exsequendum
739 1200 793 1230 est
820 1192 911 1230 illud
936 1191 1114 1241 officium,
1138 1193 1241 1229 cuius
1267 1204 1376 1228 causa
1401 1192 1604 1229 homericis
1632 1191 1859 1242 quibusdam
1889 1193 1960 1229 ob-

126 1256 397 1292 servationibus
418 1257 664 1304 prolusimus,
696 1264 737 1292 ut
764 1246 911 1292 alterius
935 1256 1052 1302 vitae,
1088 1268 1200 1304 quam
1230 1254 1424 1302 ordimur,
1455 1256 1619 1304 auspicia
1643 1256 1712 1291 rite
1739 1255 1959 1291 indicamus.

127 1317 273 1353 Etenim
300 1319 427 1355 relicta
453 1320 597 1365 Bonna,
624 1320 716 1354 urbe
744 1319 970 1366 suavissima,
993 1319 1031 1354 in
1061 1330 1135 1366 qua
1160 1330 1228 1365 per
1241 1318 1370 1366 viginti
1395 1331 1513 1353 annos
1529 1318 1831 1354 florentissimam
1859 1326 1961 1355 aeta-

98 1386 199 1417 !tem
225 1382 494 1430 transegimus,
532 1382 568 1417 in
607 1395 679 1429 qua
707 1382 806 1417 haud
842 1395 1048 1437 paucorum
1085 1381 1232 1416 animos
1268 1381 1408 1417 amicos
1441 1382 1551 1416 nobis
1584 1382 1886 1429 conciliavimus,
1924 1383 1962 1418 in

124 1448 200 1484 qua
234 1429 404 1472 fortunae
433 1442 579 1470 nostrae
610 1445 658 1480 01,
686 1448 762 1482 quo
799 1438 892 1470 nihii
927 1443 1148 1470 hominibus
1175 1445 1382 1483 exopt-,uina
1414 1451 1493 1482 est,
1525 1444 1753 1478 domesticae
1781 1445 1964 1479 felicitatis
2122 1468 2125 1471 -
2184 1459 2200 1476 a

125 1495 367 1532 fundamenta
396 1497 575 1542 iecimus,
614 1496 652 1531 in
680 1496 783 1531 cuius
810 1496 906 1531 alma
933 1495 1123 1533 academia
1155 1497 1383 1546 philologiae
1417 1498 1726 1546 praeceptoribus
1752 1499 1808 1534 usi
1836 1512 1964 1536 sumus

125 1559 468 1607 praestantissimis,
510 1554 672 1606 quorum
702 1559 902 1606 plerosque
943 1558 1120 1606 quidem,
1162 1559 1252 1595 Car.
1295 1560 1414 1596 Frid.
1459 1561 1813 1608 Heinrichium,
1856 1563 1961 1612 Aug.

125 1620 249 1657 ferd.
276 1621 515 1668 Naekium,
554 1622 593 1656 B.
632 1621 674 1657 G.
711 1621 1038 1668 Niebuhrium,
1076 1622 1175 1658 viros
1206 1621 1567 1671 desideratissimos,
1611 1624 1809 1660 immatura
1842 1633 1963 1662 morte

125 1685 266 1726 (cheul)
295 1691 444 1732 ereptos
471 1684 660 1731 lugemus,
694 1696 810 1718 unum
843 1683 961 1718 Frid.
989 1684 1195 1732 Theoph.
1222 1685 1375 1720 Welck
1388 1698 1509 1720 erum
1543 1688 1780 1734 superstitem
1807 1700 1962 1722 venera-

123 1759 227 1793 mur,
267 1746 306 1781 in
331 1759 406 1795 qua
433 1746 599 1795 denique
625 1746 716 1782 urbe
741 1758 809 1794 per
836 1745 1053 1794 quindecim
1079 1759 1200 1783 annos
1225 1760 1307 1783 cum
1335 1748 1515 1796 gymna'sii
1544 1749 1716 1798 collegis,
1748 1750 1900 1799 optimis
1928 1759 1963 1787 et

124 1809 369 1844 meritissimis
396 1810 494 1856 viris,
520 1810 567 1845 ad
594 1811 711 1845 bonas
736 1809 874 1844 litteras
902 1815 938 1844 et
964 1808 1012 1844 ad
1044 1809 1286 1844 humanitatis
1315 1808 1435 1844 studia
1462 1810 1692 1845 iuventutem
1721 1812 1963 1859 perduximus

123 1890 169 1896 —-
199 1872 276 1907 eius
303 1872 413 1920 igitur
434 1873 538 1908 urbis
565 1873 698 1908 relictis
726 1871 887 1918 deliciis,
922 1871 1215 1910 amoenitatibus
1239 1878 1275 1907 et
1300 1871 1493 1907 doctrinae
1519 1872 1705 1908 thesauris
1731 1873 1779 1909 ad
1805 1888 1961 1923 gymna-

121 1934 216 1971 sium
253 1934 493 1972 Embricense
525 1935 736 1985 transgressi
763 1947 911 1982 sumus,
942 1934 1098 1971 summis
1134 1935 1306 1984 auspiciis
1344 1933 1570 1972 FRIDERICI
1607 1935 1843 1972 WlLHELMt
1878 1939 1961 1986 1112

122 1998 216 2044 regis
241 1998 444 2033 beatissimi
473 2005 509 2033 et
536 1998 773 2043 immortalis,
806 2004 893 2033 ante
919 1999 991 2034 hos
1015 2011 1152 2034 novem
1180 2012 1298 2034 annos
1324 1999 1579 2035 liberalissime
1607 2006 1827 2034 renovatum
1856 2007 1892 2035 et
1920 2002 1958 2036 in

121 2058 315 2105 pristinam
339 2059 557 2109 dignitatem
583 2057 928 2095 munificentissime
954 2061 1177 2097 restitutum.
1233 2060 1342 2097 Cuius
1368 2060 1550 2110 gymnasii
1578 2073 1695 2109 quum
1713 2088 1721 2102 ‚
1756 2060 1863 2112 quod
1891 2061 1959 2099 bo-

120 2136 221 2169 num,
243 2124 358 2173 felix
381 2128 631 2174 faustumque
655 2125 725 2169 sit,
764 2123 1030 2163 FRIDERICUS
1063 2124 1331 2161 WlLHELMUS
1357 2123 1440 2170 lv.,
1472 2136 1535 2159 rex
1572 2129 1698 2159 noster
1736 2124 1954 2171 potentissi-

120 2198 215 2233 mus,
242 2186 569 2234 clementissimus,
603 2184 828 2222 directorem
855 2199 918 2223 me
945 2187 1195 2236 constituere,
1233 2186 1474 2223 constitutum
1503 2185 1648 2222 sancire
1674 2185 1853 2233 voluerit,
1880 2186 1955 2223 hoc

121 2264 188 2298 ego
224 2265 360 2288 munus
392 2252 461 2287 rite
505 2257 739 2299 suscepturus
776 2252 958 2300 gymnasii
989 2252 1081 2301 regii
1116 2252 1365 2289 Embricensis
1400 2251 1558 2300 collegas
1598 2257 1710 2299 atque
1752 2258 1954 2293 curatores,

120 2313 222 2349 urbis
248 2327 442 2364 proceres,
469 2315 584 2362 cives,
611 2312 777 2364 denique
804 2326 953 2363 omnes,
990 2315 1056 2364 qui
1081 2315 1273 2365 gymnasio
1302 2315 1457 2363 eiusque
1485 2313 1615 2349 studiis
1643 2313 1785 2359 favent,
1814 2314 1864 2349 illi
1892 2326 1955 2349 so-

120 2376 290 2414 lennitati
315 2379 525 2427 frequentes
548 2384 588 2413 ut
612 2377 746 2425 adsint,
773 2378 1098 2416 observantissime
1126 2392 1229 2427 rogo.
