2200 2709
146 227 249 262 fallax
280 225 489 275 dolosaque
516 224 652 260 dicitur
677 220 778 271 apud
804 219 957 256 Suidam
987 221 1030 264 (s.
1058 231 1090 253 v.
1119 216 1251 267 Κίρκη)
1278 218 1487 266 eademque
1513 216 1757 258 παιπαλόδῐις
1780 219 1880 266 apud
1903 221 1986 257 Sui-

147 290 232 326 dam
263 297 300 325 et
330 290 593 339 Etymologum
623 288 786 332 515,st

250 354 305 387 Ab
333 353 405 387 hac
431 351 581 400 pollinis
606 349 641 384 vi
669 347 911 395 derivataque
926 345 1136 382 calliditatis
1153 346 1425 395 significatione
1436 346 1505 381 viri
1522 343 1639 392 docti,
1666 351 1849 393 quantum
1877 349 1987 393 equi-

146 414 231 451 dem
261 417 353 462 seio,
375 414 606 450 homericam
632 423 763 447 vocem
786 408 932 445 ducunt
954 407 1257 457 πολυπαίπαλος,
1280 406 1396 446 semel
1420 415 1635 458 usurpatam
1658 407 1794 456 (Od.o,
1809 407 1910 451 419.)
1937 408 1986 445 de

147 476 417 522 Phoenicibus,
445 476 598 511 astutiae
625 481 662 509 et
687 472 850 508 fallaciae
876 478 966 506 nota
993 473 1310 521 apudHomerum
1331 485 1409 508 non
1424 471 1503 526 uno
1529 472 1614 507 loco
1638 471 1833 519 insignitis.
1861 470 1985 517 Quam

146 539 371 575 sententiam
395 538 598 587 quominus
625 535 838 584 amplectar,
862 534 1000 569 multae
1025 546 1157 569 causae
1183 546 1244 569 me
1264 538 1526 582 commovent3
1554 533 1593 569 in
1614 534 1752 582 quibus
1779 547 1857 570 non
1883 535 1987 583 parvi

147 608 333 636 momenti
361 607 436 646 est,
472 599 578 647 quod
604 611 624 634 a
651 597 775 632 radice
801 595 905 631 verbi
931 594 1062 630 πάλλω
1091 597 1233 632 nulium
1261 597 1301 632 in
1327 598 1480 632 Homeri
1507 596 1735 632 carminibus
1761 597 1986 633 vocabulum

147 662 198 697 ita
223 663 415 697 invenitur
438 661 654 707 deductum,
682 667 722 694 ut
749 659 887 694 farinae
911 658 986 693 vim
1014 671 1083 707 per
1110 671 1148 694 se
1165 666 1369 707 proponat,
1398 659 1537 695 deinde
1557 658 1662 707 quod
1685 659 1824 694 farinae
1846 660 1988 696 tenuis-

147 725 263 759 simae
292 724 494 772 imaginem
527 724 573 759 ad
601 724 719 771 ipsam
745 721 880 757 mentis
913 723 1083 758 astutiam
1116 722 1253 758 referre
1288 724 1406 759 menti
1433 723 1648 758 homericae
1676 723 1801 758 minus
1827 734 1989 759 consen-

146 794 297 821 taneum
326 785 495 832 videtur,
519 792 598 820 tum
629 784 734 833 quod
760 783 932 819 dubitare
958 784 1038 820 iure
1065 785 1175 832 lieet,
1202 786 1297 834 quin
1323 786 1477 821 Homeri
1503 786 1740 834 temporibus
1765 785 1881 820 farina
1906 792 1987 821 tor-

145 849 299 896 quendo
329 848 377 883 ad
406 861 487 883 eam
514 848 733 884 tenuitatem
759 846 908 882 redacta
932 846 1054 893 suerit,
1080 854 1122 882 ut
1147 848 1301 884 astutiae
1330 848 1530 896 imaginem
1545 848 1726 896 praebere
1753 855 1892 896 posset,
1918 847 1986 884 de-

146 910 263 958 nique
292 909 399 958 quod
423 909 515 945 illud
541 910 660 943 πολυ
688 908 873 943 eiusmodi
898 908 1245 957 interpretationem
1269 910 1422 958 respuit.
1478 909 1584 955 Quae
1613 922 1697 945 cum
1725 910 1776 945 ita
1801 911 1900 957 sint,
1932 910 1986 946 sa-

142 972 249 1007 rinae
271 973 306 1007 vi
330 973 540 1020 postposita
565 972 612 1007 ad
638 971 844 1019 torquendi
861 984 1010 1007 sensum
1038 984 1158 1024 aeque
1181 980 1294 1022 atque
1321 973 1361 1008 in
1386 985 1479 1008 voce
1497 972 1724 1013 παιπαλόεις
1750 972 1986 1009 redeundum

145 1047 222 1070 esse
245 1036 364 1070 visum
391 1042 456 1070 est.
510 1035 622 1070 Verto
651 1034 752 1070 enim
780 1033 1069 1076 πολυπαίπαλος
1096 1044 1300 1084 tortuosus,
1325 1043 1367 1072 ut
1393 1035 1496 1072 idem
1523 1035 1598 1072 fere
1625 1036 1762 1083 valeat,
1786 1034 1893 1084 quod
1918 1046 1988 1070 πο-

142 1099 330 1146 λύτροπος
360 1099 505 1147 (hymn.
535 1099 572 1134 in
599 1098 710 1134 Merc-
733 1100 792 1133 13.
810 1095 936 1145 439.);
965 1099 1003 1134 in
1030 1111 1105 1147 qua
1128 1100 1434 1148 interpretatione
1462 1099 1620 1136 mirifice
1646 1112 1708 1135 me
1731 1098 1881 1134 adiuvat
1906 1098 1987 1147 ipse

100 1171 105 1179 ‘
145 1173 274 1197 sensus
300 1161 454 1197 Homeri
483 1168 597 1210 atque
624 1160 740 1196 totius
767 1161 958 1196 vetustatis
991 1173 1212 1210 consensus,
1242 1175 1319 1212 quo
1354 1163 1469 1211 iusta,
1504 1175 1611 1210 vera,
1646 1162 1789 1211 proba,
1827 1161 1924 1197 clara
1952 1167 1988 1196 ct

146 1231 276 1273 aperta
302 1223 480 1260 dicuntur
507 1232 632 1271 recta,
660 1224 815 1270 iniusta,
848 1223 956 1271 falsa,
982 1224 1179 1273 improba,
1210 1225 1369 1260 obscura
1396 1232 1433 1260 et
1459 1225 1608 1261 obtecta
1635 1235 1810 1273 quaeque
1836 1221 1990 1275 obliqua

142 1294 177 1322 et
192 1287 310 1337 flexa
338 1294 615 1335 nuncupantur.
671 1285 797 1332 Quare
831 1287 925 1321 iusta
952 1299 1061 1323 causa
1094 1293 1149 1322 est
1175 1283 1257 1327 Sum*
1290 1288 1393 1322 2223
1403 1300 1447 1329 α,
1475 1287 1687 1334 ,ssah-580.
1719 1287 1801 1321 Hes.
1829 1285 1901 1334 Op.
1928 1286 1990 1321 36.

141 1350 229 1385 226.
257 1350 396 1398 Theog.
426 1351 502 1397 86„
530 1349 745 1398 eodemque
772 1350 929 1384 nomine
956 1349 1280 1398 interpretandum
1308 1356 1363 1385 est
1388 1350 1583 1385 ἰθύντατα
1611 1350 1747 1395 εἰπεῖν,
1779 1348 1886 1395 .ΙΙ.σ’,
1903 1350 1989 1384 508.

139 1411 342 1459 Usurpatur
371 1412 482 1446 etiam
511 1410 560 1446 de
585 1411 645 1446 via
672 1417 709 1445 et
733 1410 834 1457 vita,
874 1423 950 1459 qua
981 1412 1071 1460 ‘quis
1103 1413 1225 1460 probe
1263 1420 1469 1460 aperteque
1503 1419 1590 1448 ante
1623 1412 1825 1448 hominum
1861 1411 2003 1444 oculos*

144 1472 318 1515 procedat
337 1493 348 1511 ³
383 1473 505 1513 que-us
538 1471 640 1511 apud
663 1470 909 1498 Herodotum·
929 1468 1144 1511 ‘appessatur
1168 1464 1254 1505 2569
1279 1477 1323 1499 τε
1348 1462 1413 1499 καὶ
1440 1459 1582 1507 δίκαιος
1621 1464 1736 1514 α’νήρ,
1764 1469 1802 1513 I,
1822 1468 1892 1504 96.>
1924 1468 1987 1504 cfr.

141 1532 170 1574 Ι,
194 1530 279 1563 118.
335 1528 426 1562 Rem
455 1526 592 1574 probat
618 1524 799 1560 Herodoti
826 1537 914 1561 usus
939 1525 1123 1574 loquendi
1160 1528 1215 1562 vel
1244 1528 1282 1563 in
1309 1540 1403 1563 voce
1426 1527 1572 1576 ὀρθός
1607 1529 1844 1577 observatus,
1872 1532 1981 1578 1,96.

141 1591 273 1636 mos.
302 1589 450 1635 V111‚3.
505 1587 738 1623 contrariam
767 1587 1077 1636 significationem
1114 1590 1244 1627 Graeci
1282 1592 1468 1627 constanti
1504 1599 1631 1628 mente
1658 1593 1784 1628 multis
1810 1592 1989 1629 dictioni-

140 1656 210 1689 bus
238 1653 463 1700 exprimunt.
517 1652 608 1688 Nam
638 1649 858 1695 σκολιόν,
888 1663 1054 1699 curvum,
1065 1652 1235 1702 flexum,
1259 1654 1463 1707 obliquum,
1487 1656 1535 1692 ad
1559 1657 1694 1692 iniusta
1721 1657 1889 1704 refertur,
1916 1657 1988 1694 do·-

139 1716 216 1750 losa
242 1720 277 1748 et
305 1713 458 1761 iniqua,
499 1720 539 1748 ut
567 1712 718 1748 σκολιαί
746 1710 849 1747 δικαί
878 1712 972 1754 (Hes.
1002 1713 1074 1763 Op.
1090 1718 1176 1751 221.
1206 1719 1293 1753 252.
1334 1717 1398 1753 cfr.
1421 1719 1508 1755 260.
1537 1717 1624 1755 264.
1681 1718 1822 1755 Gallim.
1852 1719 1980 1768 hymn.

142 1779 183 1817 in·
205 1777 272 1810 Jov
304 1778 393 1821 830,
425 1775 575 1809 σκολιαὶ
604 1776 804 1822 θέμιστες,
832 1775 934 1822 ππ,
949 1778 1035 1813 387.
1089 1779 1199 1815 Aliud
1234 1782 1312 1817 eius
1345 1783 1492 1830 generis
1521 1783 1746 1819 vocabulum
1784 1782 1986 1829 ἀγκύλον

142 1846 207 1885 est,
236 1851 405 1881 curvum,
420 1838 589 1887 flexum,
614 1839 654 1874 in
682 1839 853 1887 epitheto
881 1847 1064 1888 perpetuo
1078 1841 1225 1878 Saturni
1251 1843 1518 1891 ἀγκυλομήτης,
1546 1858 1624 1895 quo
1640 1845 1718 1881 doli
1742 1852 1855 1894 atque
1870 1852 1986 1881 astuta

144 1903 295 1937 consilia
332 1902 409 1936 eius
444 1904 585 1950 optime
619 1902 882 1951 declarantur3
927 1915 1023 1952 quae
1055 1905 1213 1942 insidiae
1245 1908 1416 1956 profecto
1455 1909 1493 1944 in
1530 1908 1693 1957 quadam
1729 1908 1844 1943 animi
1880 1909 1985 1957 quasi

141 1966 376 2000 tortuositate
405 1973 439 1999 et
467 1967 626 2000 versutia
649 1967 796 2014 positae
824 1973 921 2001 suut.
975 1967 1115 2003 Eodem
1144 1971 1313 2018 epitheto
1340 1972 1442 2020 apud
1460 1972 1663 2008 Hesiodum
1694 1957 1868 2019 (Opsslis.)
1892 1973 1985 2007 Pro-

143 2028 322 2073 metheus,
343 2026 509 2067 ποικίλος
525 2028 598 2074 ine,
619 2026 848 2074 αἱολομήτης
874 2028 966 2069 (Hes.
978 2029 1115 2080 Theog.
1135 2035 1234 2075 511.)
1251 2040 1287 2069 et
1304 2031 1588 2080 ποικιλόβουλος
1603 2033 1849 2082 (Hes.Theog.
1871 2035 1984 2079 521.)‚

144 2090 366 2138 designatur,
402 2091 505 2125 cuius
539 2091 671 2126 astutia
694 2091 750 2127 usi
787 2090 963 2128 homines
987 2093 1115 2131 Jovem
1145 2096 1195 2132 ita
1223 2095 1471 2145 deceperunt,
1503 2103 1545 2132 ut
1579 2097 1619 2133 in
1653 2096 1836 2133 sacrificio
1873 2108 1983 2131 carne

143 2153 359 2187 hominibus
386 2153 512 2188 relicta
541 2154 619 2202 ipse
644 2165 725 2189 ossa
753 2154 826 2189 sibi
853 2154 988 2192 inscius
1014 2158 1175 2206 eligeret.
1229 2158 1339 2195 Miud
1364 2159 1588 2195 vocabulum
1616 2156 1784 2206 λόξον,
1810 2170 1981 2203 curvum,

128 2216 293 2268 flexum,
320 2216 359 2252 in
388 2217 569 2265 Apollinis
595 2225 851 2268 cognomento
878 2217 1015 2264 Λοξίας
1042 2221 1253 2260 adhibitum
1283 2229 1337 2260 est
1363 2222 1411 2260 ad
1438 2224 1587 2261 oracula
1615 2224 1786 2271 obscura,
1815 2222 1981 2273 obliqua,

140 2287 319 2324 tortuosa,
347 2292 442 2326 quae
471 2280 562 2315 deus
589 2283 786 2330 proponit,
813 2282 1034 2333 indicand33
1064 2299 1109 2321 eo
1131 2288 1287 2323 nomine
1306 2286 1573 2337 λοξοχρήσμων
1602 2293 1851 2335 nuncupatur,
1875 2287 1981 2335 quod

139 2342 320 2378 Cicerone
355 2349 504 2378 auctore
543 2351 662 2380 vertas
674 2344 932 2397 flexiloquus.
994 2350 1104 2386 Multa
1140 2349 1210 2387 alia
1243 2348 1582 2401 exempla‘diserte
1617 2352 1658 2388 in
1693 2348 1854 2387 eandem
1886 2361 1978 2398 rem,

137 2417 249 2452 quam
277 2410 489 2449 tractanuesq
514 2406 656 2442 laudari
684 2415 855 2456 possunt,
880 2416 921 2445 ut
947 2415 1164 2462 πορφύραν,
1190 2413 1345 2458 αἰόλον,
1370 2413 1562 2456 ποικίλον,
1592 2413 1832 2459 αἱολομήτης,
1861 2425 1980 2447 ποικι-
