2200 2709
173 319 398 347 exerceatur.
454 311 565 347 Cuius
594 309 868 346 exercitationis
896 322 1015 358 quum
1050 309 1249 357 aliquoties
1278 308 1486 357 periculum
1523 321 1603 345 non
1636 309 1716 344 sine
1749 311 1854 346 omni
1890 320 2017 349 nostro

170 375 292 410 fructu
320 376 432 410 nobis
455 375 580 410 fecisse
607 373 813 419 videamur,
840 373 897 407 vel
924 372 996 408 hae
1023 373 1306 421 opportunitate
1334 372 1514 419 exemptis
1541 371 1765 420 quibusdam
1791 384 1833 407 ex
1852 373 2016 411 Homero

169 438 490 485 comprobemus,
531 450 698 485 graecam
730 436 893 484 linguam
927 449 974 471 eo
1009 436 1166 473 nomine
1204 434 1558 484 praestantissimam
1600 426 1884 471 existimandam
1925 450 2016 485 esse,

169 500 290 549 quod,
310 514 406 550 quae
434 514 497 537 sua
525 508 653 536 natura
669 512 812 547 suoque
837 512 947 534 sensu
975 500 1178 535 coniuncta
1205 505 1303 544 sunt,
1324 496 1456 532 eadem
1474 497 1597 532 verbis
1624 504 1662 533 et
1684 497 1851 534 dictione
1878 511 2015 535 conso-

130 600 136 610 ,
169 564 242 600 ciat
269 571 397 612 atque,
424 564 540 600 niodo
569 570 667 599 reete
696 563 896 598 naturalem
918 564 992 598 vim
1007 556 1206 611 percipias,
1230 562 1415 597 internam
1443 562 1521 596 eius
1540 563 1803 610 cognationem
1821 563 2012 612 proponit.

272 627 514 676 Quamquam
552 627 645 662 mihi
674 627 824 662 Homeri
859 626 1024 676 carmina
1057 626 1239 661 lectitanti
1273 633 1385 673 atque
1423 625 1682 673 interpretanti
1715 637 1864 674 semper
1897 627 2014 662 visum

168 695 223 724 est
250 688 296 724 ad
322 688 609 724 similitudinem
639 689 794 724 aliorum
822 688 1105 734 vocabulorum,
1132 694 1174 722 ut
1202 683 1402 727 δαιδάλεος
1429 687 1477 723 ad
1504 684 1605 735 δάω,
1629 683 1845 735 δαιδάλλω,
1871 689 1921 724 ita
1949 702 2015 724 vo-

168 751 220 784 cis
249 751 478 791 παιπαλόεις
505 752 662 786 sormam
703 750 997 799 reduplicatione
1030 757 1175 785 auctam
1209 749 1257 785 ad
1285 750 1438 797 πάλλε),
1475 750 1678 784 παιπάλλω
1716 749 1833 798 (quod
1859 751 1916 785 vel
1943 751 2015 785 Hc-

168 815 318 862 sychius
345 815 511 858 servavit)
541 814 788 850 revocandam
818 814 970 861 eiusque
997 809 1070 849 vi'm
1096 813 1257 861 positam
1286 825 1364 849 esse
1391 814 1429 848 in
1454 812 1672 861 torquendo
1702 815 1844 860 (κινεῖν,
1871 810 2014 860 σείειν),

167 877 265 912 hanc
292 878 411 925 ipsam
438 885 565 912 tamen
590 879 845 912 coniecturam
874 889 995 911 meam
1032 877 1296 911 asseverantius
1323 889 1544 925 proponere
1569 890 1648 913 non
1671 877 1864 924 dubitavi,
1892 891 2010 926 quum

167 938 376 974 Godofredi
401 939 623 981 Hemmnni,
656 939 792 975 summi
819 938 905 985 viri,
933 937 1230 974 observationem
1260 937 1429 988 legissem
1458 938 1506 975 ad
1534 938 1718 989 hymnum
1748 938 1787 974 in
1814 937 1933 987 Apoll.
1950 939 2010 975 39.

165 1003 214 1036 ita
243 1002 318 1036 sere
347 1009 584 1049 conceptam,
611 1002 903 1041 παιπαλόεις
931 1001 1085 1037 obscuri
1109 1003 1351 1051 significatus
1378 1002 1606 1039 vocabulum
1632 1017 1745 1054 quum
1772 1005 1822 1040 sit
1847 1016 1872 1039 a
1901 1003 2012 1038 πάλ·-

164 1065 260 1100 inv
288 1064 504 1110 deductum,
534 1064 638 1117 quod
665 1074 720 1103 est
747 1067 988 1115 crispare,
1016 1074 1259 1118 torquere,
1288 1064 1437 1103 videtur
1463 1073 1748 1103 tortuosum
1773 1065 2009 1116 sigulficam.

161 1129 231 1163 Alii
261 1129 355 1176 quid
383 1129 430 1163 de
456 1142 548 1164 voce
576 1128 803 1169 παιπαλόεις
831 1129 1044 1176 statuerint,
1070 1130 1217 1165 silentio
1244 1130 1447 1178 praeterire
1472 1130 1606 1178 placet.
1660 1130 1751 1167 Nam
1779 1131 1818 1165 in
1847 1130 2009 1166 Passovii

162 1190 279 1226 lexico
308 1204 443 1239 graeco
474 1193 510 1232 (s.
539 1204 568 1226 v.
599 1190 839 1233 παιπαλόεις)
867 1191 1030 1241 singulae
1057 1192 1257 1241 opiniones
1282 1193 1445 1229 breviter
1470 1199 1730 1241 recensentur,
1759 1198 1797 1228 et
1818 1198 1904 1227 sunt
1929 1203 2012 1227 ma-

157 1255 295 1289 ximam
321 1261 465 1303 partem
496 1255 546 1289 ita
570 1261 810 1302 comparatae
821 1266 835 1301 ·,
861 1262 903 1291 ut
928 1268 993 1291 sua
1021 1255 1237 1292 infirmitate
1259 1257 1356 1292 ultro
1384 1263 1571 1292 corruant.
1623 1255 1698 1294 Sed
1724 1268 1842 1304 quum
1869 1255 1916 1291 ab
1945 1267 2012 1300 eof

163 1316 249 1353 dem
279 1318 475 1359 Passoxio,
514 1318 618 1353 cuius
644 1330 830 1354 summam
858 1318 1119 1355 auctoritatem
1155 1330 1239 1354 raro
1275 1317 1454 1367 equidem
1480 1329 1705 1367 semperque
1732 1328 1839 1366 aegre
1867 1315 2014 1363 desero,

162 1380 366 1416 Hermanni
395 1381 610 1417 coniectura
638 1381 849 1428 reiieiatur,
886 1382 1031 1430 quippe
1056 1382 1161 1417 verbi
1190 1381 1348 1416 πάλλειν
1375 1373 1638 1430 significationi
1665 1380 1790 1417 minus
1815 1385 2013 1416 consenta-

159 1457 249 1491 nea,
284 1444 424 1480 deinde
460 1458 576 1493 quum
602 1445 837 1481 Hermannus
866 1445 1103 1482 sanissimum
1141 1446 1245 1481 illum
1273 1458 1423 1481 sensum
1451 1457 1560 1480 suum
1588 1457 1665 1480 non
1692 1456 1761 1493 pro
1791 1449 1893 1479 certo
1921 1454 2013 1491 pro-

156 1507 400 1551 nunciaverit,
426 1521 505 1543 rem
534 1508 742 1545 accuratius
767 1507 1057 1549 proponendam
1088 1508 1229 1542 ορηςιιὶ,
1256 1508 1474 1544 ponne-snitu
1500 1506 1604 1544 qnod
1634 1506 1681 1534 ‹tn
1704 1518 1796 1535 vnn·
1818 1505 2013 1535 homes-ion

162 1560 453 1597 πολυπαίπαλος
481 1570 564 1592 mea
591 1556 775 1591 sententia
803 1556 849 1591 ab
877 1556 1143 1604 interpretibus
1171 1559 1329 1594 omnino
1358 1558 1513 1595 recedit.
1935 1565 1941 1570 ‘

260 1618 478 1669 Torquendi
508 1619 615 1654 notio
653 1618 700 1653 ad
728 1618 939 1654 motionem
968 1619 1126 1654 celerem
1162 1621 1259 1656 ultro
1289 1621 1460 1669 citroque
1487 1622 1730 1670 conspicuam
1756 1621 1853 1658 redit
1880 1628 2007 1672 (quam

158 1684 328 1721 ziclszaclf
355 1694 533 1719 vocamus
558 1681 771 1728 Germani),
806 1681 955 1729 qualem
985 1681 1024 1716 in
1051 1681 1268 1719 fulminibus
1294 1690 1422 1732 aperte
1449 1685 1714 1733 conspicimus,
1743 1682 1849 1720 ἕλικα
1877 1700 2007 1733 στερο-

157 1750 223 1787 πῆς
255 1748 302 1783 ab
331 1745 514 1793 Aeschylo
541 1744 732 1780 verissime
758 1750 1033 1792 nuncupata1n3
1071 1758 1194 1793 neque
1230 1746 1530 1794 improbabiliter
1558 1747 1735 1783 coniicias
1763 1760 1783 1784 a
1810 1748 2008 1785 fulminum

157 1810 377 1846 coelestium
406 1809 526 1844 forma
552 1814 738 1855 motuque
764 1806 865 1842 Jovis
892 1807 964 1843 tela
990 1809 1198 1856 torquentis
1228 1809 1427 1858 imaginem
1465 1810 1686 1846 hominibus
1720 1824 1799 1847 esse
1827 1820 2004 1849 exortam.

157 1873 260 1907 Hanc
296 1870 611 1919 simplicissimam
645 1869 985 1918 significationem,
1020 1871 1233 1918 primariam
1269 1873 1463 1921 oculisque
1498 1873 1620 1921 prima
1656 1874 1857 1910 hominum
1886 1881 2005 1910 aetate

160 1941 383 1982 conceptam
411 1934 740 1981 grammaticorum
769 1932 882 1968 docta
907 1934 1007 1968 natio
1038 1942 1268 1983 quantopere
1297 1937 1519 1984 neglexerit,
1554 1937 1660 1971 multi
1687 1937 1859 1986 irritique
1888 1951 2004 1973 cona-

157 2003 217 2033 tus
242 1996 281 2031 in
307 2008 400 2031 voce
429 1994 647 2043 explicanda
673 1995 847 2043 probant.
903 1995 1009 2044 Quae
1037 2009 1119 2032 cum
1145 1998 1194 2034 ita
1219 1999 1305 2047 sint,
1332 1999 1558 2040 παιπαλόεις
1580 2008 1791 2038 tortuosum
1819 2001 2004 2050 significat

160 2064 343 2102 (nostrum
368 2059 554 2109 gezackt),
587 2066 699 2107 atque
727 2059 775 2094 de
809 2060 1002 2095 montibus
1017 2061 1066 2103 (Jl.
1082 2075 1114 2109 v,
1132 2067 1188 2099 17.
1217 2077 1251 2113 p,
1269 2061 1355 2100 743.
1380 2063 1583 2109 Od.u‚97.>
1610 2072 1868 2113 praeruptum,
1892 2078 1999 2114 aspe-

159 2136 260 2170 rum,
287 2134 467 2171 praeceps
502 2121 576 2157 dici
604 2128 746 2169 potest3
783 2121 831 2157 de
861 2122 1004 2170 insulis,
1030 2123 1158 2161 Jthaca
1182 2123 1453 2173 <Od.t,480.),
1485 2125 1609 2161 imbro
1648 2126 1700 2168 (Jl.
1718 2139 1749 2174 v,
1765 2129 1827 2163 33.
1855 2139 1895 2174 ω,
1910 2128 2000 2173 78.),

157 2185 269 2221 Samo
302 2184 388 2229 (Od.
409 2181 580 2232 3‚671.)‚
619 2184 711 2220 Chio
741 2185 996 2234 (Gal-2*,170.),
1023 2195 1084 2224 aut
1110 2188 1157 2225 ad
1186 2189 1285 2225 illam
1319 2189 1438 2238 ipsam
1467 2196 1679 2225 montosam
1718 2198 1887 2227 naturam
1915 2203 2000 2240 spe-

158 2254 243 2295 ctat,
271 2255 333 2284 aut
359 2247 409 2284 ad
436 2247 681 2295 multiplicem
706 2248 857 2283 litorum
886 2249 1039 2298 flexum,
1075 2252 1122 2288 de
1150 2254 1217 2289 viis
1243 2254 1354 2302 (Jl.g.1,
1373 2255 1457 2290 168.
1488 2253 1559 2289 Od.
1576 2252 1727 2303 p,QO—'t.)
1756 2255 1925 2304 itemque
1952 2254 1999 2290 de

156 2312 309 2347 saltibus
326 2311 681 2359 (Hes-Tlleog.860.)
711 2318 773 2347 aut
790 2311 954 2370 ,arduam
976 2322 1142 2352 naturam
1172 2316 1326 2365 indicat,
1353 2325 1416 2354 aut
1443 2319 1647 2354 flexuosum
1675 2326 1848 2365 tractum,
1876 2330 1994 2366 quum

156 2374 213 2411 vel
240 2387 309 2409 nos
330 2382 545 2411 constanter
572 2375 751 2422 dicimus,
777 2374 850 2411 clas
880 2377 987 2424 Tlml,
1014 2379 1084 2416 der
1102 2381 1164 2418 JV
1159 2395 1208 2431 eg
1233 2382 1381 2420 windet
1407 2383 1501 2425 sich,
1530 2383 1629 2420 zielzt
1655 2384 1751 2424 sich,
1778 2380 1997 2430 schlis'ngelt

154 2438 237 2474 siclt
264 2443 301 2473 et
327 2437 397 2473 alia
423 2439 568 2475 similia.
626 2439 680 2474 Dc
708 2439 774 2474 viis
804 2439 884 2475 eius
909 2443 1053 2488 generis
1087 2457 1166 2481 rem
1205 2445 1412 2482 luculenter
1446 2444 1633 2482 affirmant
1670 2445 1886 2482 homericae
1918 2443 1995 2480 sor-

153 2513 237 2537 mae
263 2500 435 2552 ἀταρπός
462 2502 515 2545 (Jl.
532 2515 564 2551 9:
581 2501 668 2539 ἰ’-13.
699 2502 770 2538 Od.
787 2501 876 2549 ξ,1.)
908 2510 943 2539 et
958 2506 1167 2556 ἀταρπιτός
1196 2508 1296 2558 (31.9,
1310 2507 1399 2546 23'4.
1430 2521 1467 2555 o,
1481 2510 1582 2553 565.)
1612 2509 1742 2544 litteris
1761 2507 1996 2556 transpositis
