2200 2709
959 151 1211 188 ...4-

162 258 293 287 natura
320 259 471 301 recepta
500 265 579 288 non
608 252 746 288 mirum
775 249 923 288 videtur
948 252 995 288 ab
1024 249 1203 299 Aeschylo
1229 249 1270 285 in
1296 247 1568 286 Eumenidibus
1595 249 1681 286 399.
1718 249 1898 297 scriptum
1928 262 2004 287 esse

159 310 484 350 δυσοδοπαίπαλα
509 329 580 364 pro
609 313 912 365 δυσπαράβατα,
938 315 1103 364 τραχέα,
1128 321 1170 350 ut
1194 312 1336 349 scholia
1362 312 1505 349 habent
1532 312 1580 350 ad
1606 313 1644 349 h.
1662 313 1699 360 l.,
1725 313 1780 348 vel
1808 309 2006 361 δύσβατα,

161 376 267 424 quod
292 377 511 413 scholiastes
539 377 587 413 ad
615 378 875 426 Aristophanis
900 378 1023 415 Nubes
1050 378 1161 420 (260.)
1190 381 1452 423 repraesentat.

262 440 362 475 Haec
389 439 437 475 de
465 453 557 476 voce
585 440 811 481 παιπαλόεις
840 440 1011 476 sufficere
1036 447 1141 489 puto.
1191 437 1268 475 Sed
1296 438 1339 473 in
1366 436 1499 473 eadem
1532 438 1635 473 vocis
1663 438 1800 473 fami-lia
1825 438 2004 473 mirabilis

160 503 394 550 conspicitur
422 503 707 551 significationis
734 504 891 540 varietas
916 517 937 539 a
964 504 1140 560 pringaria
1161 502 1210 549 vi,
1234 513 1350 550 quam
1376 500 1590 549 posuimus,
1616 507 1830 537 constanter
1853 508 1890 537 et
1915 500 2006 536 sim-

159 566 308 615 pliciter
334 566 512 603 derivata.

261 631 372 666 Verbi
397 630 557 665 πάλλω
591 631 815 679 primariam
844 632 918 668 vim
947 637 1059 680 atque
1087 627 1330 667 universalem
1364 627 1404 663 ivn
1438 626 1608 663 motione
1641 626 1897 676 qualicunque
1932 634 2007 664 sta-

157 701 306 729 tuamus
342 706 493 729 necesse
532 701 597 729 est.
653 693 766 730 Cuius
802 694 1087 743 significationis
1116 693 1301 742 >singulare
1334 691 1544 740 exemplum
1576 691 1759 739 proponit
1791 690 2007 727 homericus

160 756 219 791 ille
247 756 403 803 Hector,
431 757 497 804 qui
525 757 561 791 in
586 757 777 804 proelium
807 757 1013 803 rediturus,
1040 764 1238 805 postquam
1273 755 1455 791 osculatus
1483 761 1537 790 est
1563 754 1820 802 Astyanactem
1847 753 2006 790 filiolum

160 832 267 854 suum
295 818 516 853 infantulum
547 825 583 853 et
610 819 649 853 in
679 820 854 854 manibus
877 819 1071 854 sedentem
1100 820 1232 854 crebro
1262 818 1577 866 blandissimeque
1613 817 1758 852 sustulit
1797 817 1887 859 (ἐπεὶ
1913 818 2005 852 κύσε

161 881 251 922 πῆλέ
279 895 320 917 τε
348 880 474 930 χερσί,
493 878 710 927 naam),
745 880 862 917 fausta
890 894 1066 930 quaeque
1091 894 1112 916 a
1136 880 1227 916 Jove
1251 887 1419 929 precatus
1446 886 1510 915 est.
1538 879 1635 916 Haec
1660 879 1840 916 motionis
1865 879 2007 928 signifi-

162 946 259 980 catio
287 945 417 980 fortius
442 951 594 992 accepta
620 943 828 992 torquendi
855 944 930 978 vim
970 951 1146 992 procreat
1180 943 1282 991 apud
1308 943 1510 978 Homerum
1534 943 1752 991 saepissime
1780 949 2008 991 usurpatam,

165 1009 308 1056 quippe
336 1006 382 1042 ad
409 1007 482 1042 tela
510 1007 708 1054 hastasque
736 1006 903 1052 relatam,
931 1006 982 1042 ita
1007 1014 1051 1041 ut
1076 1007 1228 1042 παλτόν
1255 1014 1386 1055 postea
1413 1006 1460 1042 de
1488 1006 1614 1043 iaculis
1629 1006 1844 1055 accipiatur.
1878 1006 2019 1054 Neque'

162 1070 315 1106 hercule
343 1069 381 1106 id
409 1070 600 1116 miramur,
628 1069 694 1118 qui
720 1068 874 1104 heroica
893 1068 1122 1104 Graecorum
1148 1075 1323 1118 tempora
1350 1070 1390 1105 in
1407 1069 1559 1106 Homeri
1583 1069 1810 1105 carminibus
1836 1074 2009 1103 contem-

161 1134 320 1182 plamur.
376 1134 570 1169 Praeterea
594 1131 723 1167 πάλλω
751 1132 807 1167 vel
835 1131 888 1168 de
910 1131 1026 1169 corde
1053 1131 1210 1180 dicitur,
1236 1139 1278 1169 ut
1305 1133 1496 1169 πάλλεται
1518 1129 1609 1180 ἦτορ
1637 1131 1710 1167 aiva*
1739 1130 1871 1177 στόμα
1896 1129 1953 1177 (Jl.
1963 1143 2007 1179 χ,

161 1195 250 1232 459.
279 1197 343 1231 cfr.
363 1194 450 1231 461.
475 1203 511 1230 et
526 1196 654 1243 hymn.
675 1194 755 1230 Cer.
784 1193 897 1242 294),
929 1195 980 1230 ita
1006 1202 1048 1231 ut
1073 1203 1222 1244 praeter
1251 1196 1432 1231 motionis
1457 1196 1554 1230 illius
1580 1195 1776 1230 notionem
1802 1191 2004 1241 trepidatio

165 1265 202 1293 et
229 1265 350 1293 metus
376 1257 583 1305 indicetur,
620 1243 765 1296 ratione
788 1258 919 1294 habita
945 1258 1024 1294 eius
1050 1270 1198 1305 sensuS,
1235 1270 1312 1308 quo
1341 1258 1509 1294 animum
1536 1257 1688 1306 singulis
1715 1256 1806 1292 locis
1834 1255 2006 1291 affectum

162 1333 240 1356 esse
267 1328 424 1356 constat.

262 1382 343 1418 Jam
368 1384 521 1418 alteram
550 1384 653 1418 verbi
681 1381 886 1419 πάλλειν
924 1385 999 1419 vim
1027 1395 1070 1419 ex
1104 1384 1192 1419 trito
1221 1389 1259 1418 et
1283 1381 1507 1432 quotidiano
1534 1394 1603 1418 usu
1626 1389 1815 1431 receptam
1831 1380 2009 1418 consid&

156 1455 293 1482 remus.
349 1444 504 1493 Πάλλω,
530 1450 688 1494 sortior,
716 1447 821 1483 facile
849 1448 964 1483 intelli
991 1447 1065 1483 itur
1091 1459 1134 1482 ex
1157 1445 1340 1482 sortiendi
1371 1458 1491 1494 more,
1519 1458 1634 1490 quem
1655 1445 1839 1488 Homerus
1866 1445 1916 1480 ita
1942 1442 2010 1477 de-

160 1507 293 1532 scribat
316 1506 455 1543 ’,ιιώὅω
481 1505 609 1530 suadis
632 1504 720 1530 ioco
749 1502 921 1542 (y,310.),
948 1461 1101 1543 κξίἡρους
1119 1499 1159 1530 ἐν
1184 1495 1292 1546 κυνέῃ
1317 1497 1503 1545 χαλκήρεϊ
1515 1497 1674 1531 πάλλον.
1704 1496 1775 1533 Csr.
1793 1498 2006 1545 Οά.κ,206.

161 1558 289 1593 Flebat
314 1557 417 1592 enim
444 1556 613 1602 sortitio,
650 1563 690 1592 ut
714 1556 829 1605 signis
854 1555 1080 1605 quibusdam
1109 1557 1149 1593 in
1173 1558 1276 1606 galea
1310 1558 1490 1594 coniectis
1516 1558 1692 1607 varieque
1726 1560 1937 1597 commixtis
1968 1567 2005 1597 et

160 1618 361 1655 commotis
384 1630 429 1653 ex
462 1629 529 1664 en,
555 1616 663 1665 quod
690 1619 951 1654 commotione
983 1618 1148 1666 primum
1182 1619 1396 1666 exsiliebat,
1424 1632 1482 1655 res
1518 1618 1792 1656 decerneretur.
1849 1621 1907 1657 Jta
1934 1634 2002 1658 usu

159 1684 296 1718 factum
322 1688 389 1728 est,
415 1687 458 1716 ut
489 1681 698 1729 torquendi
726 1682 780 1717 vis
808 1682 847 1718 in
867 1680 1062 1717 sortiendo
1080 1680 1247 1718 adhibita
1272 1683 1313 1718 in
1340 1683 1460 1731 ipsam
1488 1682 1695 1718 sortitionis
1722 1683 1796 1719 vim
1825 1684 2003 1732 paulatim

159 1745 293 1789 abiret,
322 1743 428 1778 cuius
454 1742 508 1777 rei
537 1743 749 1790 exemplum
778 1743 917 1778 illustre
942 1743 1176 1779 homericum
1205 1743 1305 1791 (Jl.o‚
1323 1744 1421 1787 191.)
1449 1744 1669 1792 in'promtu
1696 1752 1760 1780 est.

259 1807 477 1854 Sequuntur
502 1804 578 1840 duo
612 1805 726 1841 verba
753 1802 990 1839 σταλάσσω
1018 1812 1054 1840 et
1081 1806 1271 1842 παλύνω
1298 1819 1383 1843 cum
1412 1805 1724 1855 praecedentibus
1754 1808 1897 1857 origine
1926 1810 2004 1857 pri-

160 1869 355 1919 mariaque
379 1868 535 1904 notione
563 1868 881 1904 coniunctissima.

262 1928 489 1977 Παλοίσσω,
525 1943 762 1980 consperge,
804 1930 852 1966 de
881 1931 1004 1967 fluidis
1040 1939 1075 1968 et
1100 1935 1314 1983 saepissime
1349 1932 1507 1983 quidem
1542 1932 1590 1969 de
1624 1947 1756 1971 cruore
1792 1934 1944 1983 (αἵματι
1968 1944 2005 1972 et

158 1992 296 2045 λύθρῳ)
314 2001 523 2043 usurpatur,
550 1993 598 2030 de
627 1995 783 2030 cerebro
802 1992 888 2037 (Od.
906 2006 939 2041 ν,
959 1995 1069 2043 395.),
1096 1996 1143 2033 de
1167 1996 1306 2034 sudore
1330 1998 1384 2041 (Jl.
1401 2000 1545 2047 ρ,387.)
1568 2000 1693 2035 semel.
1725 1998 1795 2035 Cfr.
1810 1999 1854 2035 Jl.
1871 2012 1900 2046 ε,
1913 2003 1999 2036 100.

158 2059 195 2104 λ,
213 2058 297 2093 169.
314 2059 399 2093 535.
427 2070 462 2104 v,
473 2060 559 2093 500.
577 2059 664 2092 503.
701 2056 830 2104 Οά.χ,
847 2054 936 2092 402.
959 2055 1047 2094 406.
1084 2072 1118 2106 ν,
1130 2061 1217 2096 395.
1272 2060 1459 2108 Alterum,
1498 2060 1672 2108 παλύνω,
1700 2074 1928 2114 consperge,
1955 2062 2004 2098 ad

157 2121 254 2157 sicca
280 2127 451 2170 spectans
478 2120 526 2157 de
553 2120 671 2157 farina
698 2120 937 2169 potissimum
966 2120 1099 2162 dicitur
1119 2123 1173 2167 (Jl.
1194 2137 1233 2172 σ,
1249 2125 1335 2163 560.
1359 2122 1544 2173 Οᾶ.ξ,77.
1571 2123 1673 2173 429,
1701 2125 1748 2162 de
1776 2126 1862 2163 nive
1888 2125 2003 2162 semel

157 2294 198 2329 70‘
210 2304 223 2324 ς
242 2295 291 2325 sal,
313 2294 508 2331 οὐλοχύιαι
528 2306 611 2331 grana
624 2298 816 2329 sacrificanda,
838 2298 921 2324 finem
936 2308 1009 2326 nune
1022 2301 1128 2333 sociam,
1147 2302 1203 2328 alia
1212 2302 1426 2337 opportunitate
1436 2301 1511 2327 idem
1522 2305 1714 2335 argumentum
1735 2303 1850 2328 sortasse
1871 2305 2003 2327 tractatu-

155 2349 214 2372 ruS,
232 2341 309 2377 quod
325 2346 356 2368 ut
376 2344 469 2369 multis
490 2344 559 2371 locis
577 2345 669 2371 lucem
691 2346 789 2372 afferre
812 2349 923 2381 potest,
945 2346 982 2372 ita
1005 2355 1020 2372 a
1038 2349 1102 2375 viris
1122 2348 1212 2375 docti·
1231 2349 1397 2384 plerumque
1416 2348 1575 2384 negligitur.
1613 2348 1703 2375 Multa
1724 2348 1837 2385 quidem
1856 2347 1938 2373 huius
1954 2356 2002 2382 ge-

158 2390 234 2417 neris
248 2389 384 2416 vocabula
402 2391 521 2419 difficilia
542 2398 608 2420 suut
627 2394 663 2420 ad
682 2394 882 2429 indagandum,
901 2396 1030 2430 quoniam
1050 2406 1083 2424 ex
1102 2398 1304 2434 antiquissimis
1326 2398 1500 2433 temporibus
1515 2397 1660 2434 depromta
1679 2403 1744 2426 suut
1762 2402 1846 2433 atque
1867 2401 2003 2424 vetustate

154 2439 223 2469 ntis
244 2438 408 2472 obscurat-23
429 2441 479 2466 sed
496 2441 550 2467 hoc
569 2444 661 2477 ipsum
682 2444 726 2469 vel
745 2444 836 2470 εισι-ἰαῦ
858 2443 892 2469 :id
914 2452 970 2469 rem
991 2447 1214 2480 perscrutandam
1233 2447 1356 2481 instiget.
