2200 2709
945 118 1202 159 ,5.-

160 220 334 266 (.11.κ,7.).
387 218 433 257 Jn
458 225 623 270 utroque
645 217 839 256 verboad
866 219 1024 257 celerem
1049 231 1181 257 manus
1207 221 1418 259 motionem
1448 233 1507 259 res
1524 219 1643 268 redit3
1673 232 1796 269 neque
1827 233 1895 271 ego
1922 231 1996 256 πα-

159 282 254 318 λύνω
278 295 302 319 a
328 283 448 332 πάλη,
472 283 646 335 polenta,
672 282 864 331 duxerim,
889 290 932 320 ut
957 283 1024 320 viri
1048 282 1152 321 docti
1178 284 1332 332 volunt,
1360 296 1485 333 neque
1510 282 1693 319 παλύνειν
1721 281 1876 319 dixerim
1905 297 1996 332 pro-

159 346 238 393 prie
264 344 365 382 idem
395 359 485 395 esse,
513 345 619 396 quod
645 343 873 393 λευκαίνὲιν,
906 347 972 395 qui
1005 347 1158 395 insignis
1190 359 1296 382 error
1332 354 1387 382 est
1408 340 1740 396 grammaticorum
1769 347 1919 381 nonnisi
1947 347 1997 381 fa-

159 409 279 445 rinam
304 410 346 446 in
374 410 490 445 oculis
516 404 713 445 ferentium
738 414 776 444 et
801 408 890 444 inde
914 409 1121 445 miserrime
1148 410 1457 456 obcaecatorum,
1492 409 1559 445 sed
1584 421 1706 457 aeque
1735 420 1781 444 ae
1806 408 1996 443 σταλάσσω

161 471 207 506 ad
233 472 451 519 primariam
477 473 552 509 vim
579 472 684 509 verbi
711 469 845 508 πάλλε.)
876 471 1114 509 referendum
1139 471 1310 519 suadeo3
1348 484 1583 521 quamquam
1610 484 1689 507 non
1718 483 1835 518 nego²
1876 470 1995 519 ipsum

159 533 259 574 πάλη
286 533 334 571 ad
356 533 491 570 ,πάλλω
517 534 664 579 redire,
690 522 740 571 vut.
765 535 812 570 sit
834 535 906 571 flos
924 534 1084 583 farinae,
1110 535 1257 584 pollen,
1288 534 1507 585 torquendo
1534 535 1801 585 frequentique
1818 535 1997 576 ‘motione

160 605 356 648 purgatum
377 607 493 649 atque
518 605 713 636 tenuatum
740 588 923 644 (nostrum
947 600 1278 650 geschwungenes
1305 600 1434 643 Mem).
1490 600 1541 636 Jn
1567 599 1683 636 verbo
1712 599 1904 635 παλασσω
1934 613 1999 635 au-

159 668 234 696 tem
262 662 433 698 mirabile
459 662 500 698 id
524 669 594 709 est,
620 660 726 711 quod
748 661 806 697 vel
828 661 1011 697 sortiendi
1039 663 1113 698 vim
1141 661 1314 709 induens,
1342 662 1497 709 sontem,
1520 661 1623 697 unde
1642 660 1865 709 significatio
1882 662 1998 699 fluxit.

160 724 362 760 certissime
382 723 556 760 declarat.
613 722 684 759 cfr.
710 723 809 770 Jl.y‚
834 726 917 760 1.71.
946 724 1018 760 Od„
1035 738 1060 772 ι,
1075 727 1166 762 331.
1222 724 1368 771 Quodsi
1393 738 1451 761 res
1472 738 1609 761 cruore
1636 724 1887 773 sordibusque
1912 737 2000 759 san-

160 787 386 833 guinolentis
421 800 511 835 prae
546 787 680 822 ceteris
709 787 907 835 conspergi
940 788 1150 823 invenimus
1181 787 1285 835 apud
1328 789 1530 823 Homerum
1551 815 1563 834 9
1605 787 1711 822 facile
1750 788 2001 834 intelligimus.

162 860 238 895 quo
266 848 344 884 iure
371 849 521 884 turbare
552 848 728 898 adeoque
762 848 873 885 foede
906 849 1054 885 turbare
1086 851 1132 886 sit
1165 849 1380 885 παλάσσειν
1416 850 1454 886 in
1482 851 1626 897 verbis,
1664 849 1870 896 ἐγκέφαλος
1893 844 2001 884 ἔνδον

162 908 259 951 ἄπας
283 911 503 946 πεπάλακτο
532 913 589 957 (Jl,
605 913 641 959 λ,
655 914 717 948 98.
746 912 809 949 cfr.
832 912 934 957 «ΙΙ.μ,
948 912 1031 947 186.
1057 923 1092 958 υ,
1106 910 1233 958 4ΟΟ.).;
1270 924 1395 959 neque
1418 911 1635 947 mirandum
1662 918 1731 957 est,
1757 912 1786 945 si
1816 911 2001 945 turbatio-

164 974 220 1009 nis
245 973 280 1009 vi
303 975 513 1023 postposita
541 976 579 1011 in
607 973 844 1024 inquinando
867 973 1101 1022 potissimum
1129 987 1402 1023 nonuunquam
1431 975 1535 1011 verbi
1563 975 1669 1011 notio
1697 975 1819 1023 posita
1845 981 1925 1020 est,
1961 981 2001 1009 ut

164 1035 235 1071 Od.
252 1049 299 1084 χ,
319 1035 402 1073 184.
440 1036 555 1076 σάκος
584 1035 697 1084 εὐρύ,
728 1038 856 1084 γέρον,
888 1036 1174 1082 πεπαλαγμένον
1204 1035 1296 1085 ἄζῃ,
1331 1045 1478 1073 scutum
1519 1046 1655 1076 vetus,
1690 1040 1767 1074 situ
1789 1036 2001 1087 foedatum

161 1107 198 1135 ec
221 1098 418 1136 oblitum..
446 1099 515 1136 Cfr.
543 1100 586 1135 Jl.
617 1098 658 1147 ζ’,
676 1100 763 1136 268.
818 1100 871 1136 De
899 1111 973 1150 qua
994 1105 1073 1135 tota
1100 1099 1248 1136 ratione
1277 1099 1465 1136 humanae
1490 1099 1609 1134 menti
1637 1106 1909 1146 consentanea,
1944 1106 1999 1134 at-

163 1174 237 1209 que
261 1161 312 1198 de
334 1163 520 1198 similibus
546 1160 877 1210 verbisyde‘mew,
913 1159 1180 1206 α’ναμοίσσειν,
1224 1159 1363 1205 δεύειν,
1404 1159 1552 1210 ἄρδειν,
1589 1160 1802 1210 α’ρδαλοιῒν,
1837 1162 2000 1208 μιαίνειν
2036 1178 2042 1185 *

163 1224 341 1273 aliisque,
378 1225 514 1274 quibus
548 1225 642 1262 haec
675 1231 802 1263 nostra
835 1223 1101 1260 commentatio
1134 1223 1328 1272 insigniter
1360 1225 1659 1272 comprobatur,
1690 1225 1844 1260 uberius
1877 1237 1902 1260 a
1938 1237 1998 1259 me

164 1287 392 1336 disputatum
418 1295 474 1324 est
501 1288 540 1324 in
569 1287 719 1334 Quaest.
755 1288 850 1324 lexil.
879 1287 997 1333 lib.l,
1028 1299 1067 1335 p.
1090 1288 1194 1332 152,
1228 1285 1292 1321 ubi
1326 1284 1373 1320 de
1405 1287 1506 1322 vocis
1540 1286 1754 1336 πορφύρεον
1788 1287 1999 1334 originibus

160 1350 290 1397 agitur.
1444 1337 1448 1340 ι

259 1412 306 1449 Jn
332 1413 391 1453 his
417 1414 572 1453 vocibus
590 1420 711 1463 atque
739 1413 956 1452 notionibus
983 1412 1159 1449 omnibus
1185 1425 1315 1449 manus
1342 1412 1490 1448 vibrans
1522 1412 1751 1461 conspicitur
1777 1420 1891 1462 atque
1916 1419 1997 1449 tor-

159 1478 288 1505 tuosae
315 1470 496 1504 motionis
521 1469 616 1504 ratio
644 1473 810 1516 apparet.
854 1463 938 1502 ‘Sed
965 1472 1190 1513 relinquitur
1210 1473 1307 1500 naec
1335 1475 1441 1499 ιιυιὶυ
1474 1475 1516 1500 'm
1541 1475 1622 1500 ..ms
1645 1476 1801 1501 vocibus
1817 1497 1828 1513 7
1863 1481 1909 1503 ut
1930 1486 2000 1516 pet

161 1542 290 1567 sanam
313 1530 639 1567 ratiocinationem
676 1541 773 1564 nova
808 1528 915 1564 notio
949 1526 1147 1565 condatur.
1199 1527 1303 1562 Solet
1329 1527 1369 1563 id
1388 1528 1598 1564 sexcenties
1619 1527 1724 1575 fieri,
1757 1536 1799 1564 ut
1824 1530 2003 1577 primaria

160 1592 332 1629 vocabuli
362 1593 431 1637 vis,
459 1591 506 1627 ad
533 1592 754 1639 singularem
781 1602 861 1625 rem
887 1589 1087 1637 praecipue
1114 1588 1240 1636 relata,
1273 1590 1451 1638 paulatim
1486 1597 1682 1626 evanescat
1707 1598 1744 1626 et
1771 1592 1877 1640 quasi
1901 1605 1998 1629 con-

161 1656 310 1704 tagione
336 1654 501 1703 quadam
540 1655 575 1689 in
606 1654 699 1689 illius
734 1653 787 1688 rei
823 1658 992 1687 naturam
1019 1652 1138 1687 abeat.
1192 1650 1320 1697 Quare
1349 1659 1646 1689 consentaneum
1684 1661 1739 1689 est
1765 1661 1803 1690 et
1830 1667 2000 1691 necessa—

161 1719 281 1765 rium,
316 1726 357 1754 ut
392 1732 474 1754 cum
503 1717 602 1765 apud
629 1718 856 1762 Homerum,
898 1723 978 1751 tum
1006 1714 1106 1763 apud
1130 1715 1221 1750 alios
1247 1715 1339 1750 alius
1365 1715 1526 1751 cuiusvis
1548 1716 1697 1765 linguae
1722 1718 1924 1766 scriptores
1950 1719 1998 1755 ad

161 1782 362 1830 singulares
389 1781 565 1825 rationes,
592 1791 688 1827 quae
715 1779 755 1814 in
781 1790 874 1814 voce
901 1777 1216 1827 praeponderant,
1241 1777 1510 1813 vocabulorum
1535 1779 1833 1827 significationes
1850 1788 1999 1831 muten-

161 1852 232 1880 tur.
276 1845 326 1880 Ea
352 1844 505 1879 varietas
525 1849 637 1890 atque
664 1842 874 1877 constantia
900 1840 1178 1890 significationis
1203 1839 1243 1875 in
1271 1840 1463 1888 superiore
1490 1840 1630 1877 familia
1653 1844 1858 1879 verborum
1887 1856 1908 1879 a
1931 1856 1997 1879 ne-

163 1908 286 1953 mine5
313 1906 447 1952 credo,
477 1905 719 1940 desideratur.
772 1904 847 1941 Sed
873 1912 914 1941 ut
941 1905 979 1940 in
1005 1903 1201 1939 arboribus
1229 1915 1272 1937 ex
1301 1893 1447 1942 nodoso
1476 1904 1571 1939 rami
1599 1907 1800 1954 complexu
1828 1907 1936 1942 multi
1963 1916 1998 1943 et

162 1970 251 2006 varii
279 1969 410 2005 ramuli
435 1970 474 2004 in
497 1968 657 2004 diversas
682 1975 806 2017 partes
833 1974 992 2013 exeunt,
1027 1965 1078 2000 ita
1104 1975 1148 1999 ex
1173 1963 1347 2013 singulari
1372 1964 1474 1999 vocis
1501 1964 1694 2001 cuiusdam
1722 1968 1995 2017 significatione

161 2040 339 2080 tanquam
368 2044 411 2066 ex
436 2031 539 2066 nodo
569 2043 687 2066 novae
712 2032 924 2079 germinant
953 2037 990 2065 et
1025 2042 1068 2064 ex
1102 2027 1174 2062 alia
1200 2028 1307 2075 quasi
1342 2026 1466 2062 radice
1493 2040 1658 2064 crescere
1681 2030 1882 2079 videntur,
1924 2035 1995 2069 nisi

162 2093 304 2130 nodum
332 2093 436 2129 illum
462 2100 606 2142 spectas
631 2091 861 2129 diversitates
886 2091 965 2127 illas
991 2089 1149 2127 mirifice
1183 2087 1475 2128 consociantem.
1526 2091 1662 2142 ¹ltaque
1690 2106 1775 2129 cum
1803 2095 2000 2145 singularis

161 2157 254 2192 ratio
281 2155 486 2204 torquendi
511 2156 745 2205 temporibus
768 2154 1057 2204 postbomericis
1080 2160 1225 2203 spectet
1260 2153 1309 2190 ad
1337 2154 1492 2189 farinam
1528 2153 1777 2197 (λεπτότατον
1813 2156 1998 2209 ἄλευρον),

164 2220 267 2256 cuius
292 2219 346 2255 rei
369 2218 513 2280 indicia
538 2219 577 2255 in
601 2231 670 2255 usu
694 2215 861 2267 quodam
886 2216 1071 2267 loquendi
1098 2217 1201 2268 apud
1226 2218 1349 2268 ipsum
1376 2217 1580 2254 Homerum
1608 2218 1749 2268 latent,
1776 2220 1915 2259 factum
1943 2231 1999 2260 est

164 2290 199 2318 et
225 2289 374 2331 poterat
399 2282 504 2318 facile
529 2282 625 2329 fieri,
650 2289 692 2318 ut
711 2280 951 2328 tenuissimae
977 2282 1117 2319 farinae
1133 2289 1265 2319 natura
1291 2281 1339 2317 ad
1361 2282 1498 2317 mentis
1511 2283 1683 2318 astutiam
1698 2278 1997 2335 (gallicefiriesse)

163 2341 370 2383 referretur.
398 2347 489 2384 Nam
518 2345 619 2395 apud
630 2346 918 2396 Aristophanem
942 2345 1049 2390 (Nub.
1066 2336 1166 2390 263.)
1194 2342 1366 2391 παιπάλη
1390 2342 1492 2380 idem
1519 2344 1628 2392 valet,
1651 2345 1756 2394 quod
1777 2347 2000 2397 λεπτολόγος

165 2409 240 2443 sive
263 2407 399 2448 λεπτός
421 2408 504 2456 περὶ
530 2408 575 2442 τὸ
603 2408 721 2455 λέγειν
735 2408 810 2451 (cfr.
831 2407 948 2445 schol.
977 2407 1026 2444 ad
1050 2408 1074 2443 l.
1092 2409 1155 2455 c.),
1181 2414 1294 2455 atque
1318 2405 1404 2452 γυνή
1432 2407 1668 2441 παιπαλῶσα
1695 2410 1830 2446 mulier
1856 2412 2001 2459 callida,
