2200 2709
282 686 459 734 Homeri
484 696 655 751 carmina*
684 698 749 747 qui
775 700 1003 747 pertractant
1021 695 1238 744 accuratius,
1264 704 1387 747 neque
1412 709 1472 734 res
1499 698 1635 745 solum,
1663 709 1761 747 quae
1790 684 2020 743 enarrantur,

177 772 311 803 ‘verum
343 764 455 800 etiam
491 758 723 813 singulorum
758 762 1029 799 vocabulorum
1065 761 1258 798 notionem
1291 761 1460 797 subtilius
1497 762 1693 798 enucleare
1728 760 1903 803 student,
1939 760 2020 796 fieri

174 835 258 865 'non
283 834 433 877 potest,
472 826 565 875 quin
593 826 786 862 Graeciam
814 825 1022 862 liberalium
1050 824 1258 861 studiorum
1296 835 1416 872 prope
1450 825 1622 861 omnium
1651 825 1817 860 altricem
1852 831 1888 860 et
1915 824 2019 873 quasi

173 896 369 941 parentem
397 888 589 945 quandam
616 887 856 938 praedicent,
889 888 1040 937 quippe
1070 899 1166 937 quae
1196 899 1274 923 non
1307 887 1377 923 sibi
1413 888 1504 935 soli,
1546 887 1612 923 sed
1644 888 1759 923 fotius
1787 887 2021 936 antiquitatis

176 952 347 1001 dignitati
375 958 413 987 et
438 950 630 1000 splendori
657 950 887 988 consuluerit
911 957 1025 999 atque
1051 948 1146 986 adeo
1171 948 1219 985 de
1245 948 1332 998 ipso
1355 949 1524 985 humano
1552 960 1689 998 genere
1718 949 1912 998 insigniter
1938 961 2021 985 me*-

174 1014 301 1050 ruerit.
355 1013 462 1049 Hanc*
483 1012 712 1062 praeclaram
740 1011 889 1049 laudem
917 1024 994 1061 quo
1020 1011 1208 1047 lubentius
1234 1011 1410 1047 Graeciae
1438 1010 1717 1058 concedamus,
1743 1011 1830 1047 facit
1856 1010 2022 1047 incredi-

174 1076 261 1113 bilis
286 1077 347 1113 illa
373 1076 545 1114 d'octrina
571 1090 649 1113 non
675 1075 840 1113 artificiis
866 1074 1098 1126 quibusdam
1119 1073 1225 1122 fict'a,
1251 1073 1317 1111 sed
1340 1081 1493 1110 naturae
1520 1072 1636 1110 ductu
1659 1080 1894 1123 comparata,
1926 1086 2021 1111 con-

174 1139 282 1177 tinuo
306 1150 375 1178 usu
401 1137 561 1176 firmiter
585 1138 745 1176 stabilita
772 1145 810 1188 et
835 1138 995 1190 egregiis
1013 1137 1269 1175 monumentis
1296 1142 1388 1172 ante*
1409 1136 1538 1173 oculos
1565 1136 1755 1183 omnium,
1792 1135 1859 1184 qui
1885 1135 2019 1171 altiora

176 1214 351 1251 quaeque
378 1215 605 1250 cognoscere
632 1210 808 1249 possunt,
837 1203 1137 1238 luculentissime·
1165 1202 1357 1238 collocata.
1410 1200 1574 1249 Apparet
1599 1200 1776 1237 naturalis
1802 1200 1866 1236 illa-
1885 1199 2019 1248 populi

175 1264 298 1313 graeci
323 1276 498 1301 summae*
515 1262 639 1301 laudis
659 1264 879 1314 propagatio
906 1265 946 1300 in
970 1263 1149 1301 historiae
1175 1263 1369 1311 aetatibus,
1396 1263 1436 1299 'rn
1464 1262 1674 1299 condendis
1700 1261 2019 1312 perficiendisque

176 1326 338 1373 artibus,
372 1325 412 1361 in
439 1326 592 1374 singulis
615 1327 818 1374 generibus
839 1327 1045 1363 litterarum
1082 1334 1120 1362 et
1151 1327 1193 1363 in
1227 1327 1310 1375 ipso
1338 1334 1562 1375 opportuno·
1582 1326 1737 1373 ordine,
1774 1338 1860 1375 qu0²
1878 1337 2020 1361 unum·

177 1386 361 1432 quodque
390 1386 568 1430 deinceps
592 1394 656 1416 aut
682 1389 858 1429 nascitur,
884 1395 948 1417 aut
972 1389 1206 1418 incrementa
1224 1388 1346 1429 capit,
1370 1394 1434 1419 aut
1458 1387 1726 1430 depravatione
1752 1387 1801 1421 ad
1830 1399 1933 1421 veras
1959 1399 2020 1421 re-

175 1457 260 1480 rum
294 1444 393 1492 leges
428 1443 610 1478 corruisse
644 1442 876 1490 perhibetur.
942 1440 1070 1491 Quare
1104 1455 1222 1490 quum
1257 1442 1447 1478 doctrinas
1478 1454 1645 1491 graeca-s·-
1666 1451 1780 1492 atque
1814 1444 2022 1482 litterarum

175 1506 483 1556 progressionem
516 1504 839 1554 perscrutantibus*
871 1504 1016 1554 singula
1046 1510 1291 1540 monumenta
1324 1515 1470 1540 summa
1507 1516 1593 1540 cum
1632 1505 1810 1554 gravitate
1844 1507 2027 1555 clamant,

153 1572 155 1574 ’
177 1577 317 1619 quanta
341 1569 479 1605 merita<
499 1569 574 1603 sint
597 1567 745 1603 Graecis
770 1565 1042 1615 adiudicanda,
1077 1568 1261 1604 Homerus
1288 1567 1332 1603 iu
1356 1567 1519 1604 culturae
1545 1567 1698 1616 graecae
1725 1569 1831 1617 quasi
1858 1571 2021 1619 pueritia

177 1645 261 1670 cum
285 1631 514 1682 lepidissima
547 1627 695 1680 pueruli
718 1629 951 1679 loquacitate
975 1641 1052 1680 quo
1075 1629 1250 1678 uberius,
1287 1641 1340 1666 eo·
1367 1630 1512 1666 suavius
1544 1630 1699 1680 singulis
1728 1627 1896 1669 ⁴vers-ibus
1925 1633 2020 1670 edo-

177 1701 249 1740 cet,
275 1694 415 1742 ingenii
442 1693 598 1728 humani
624 1692 926 1740 progressionem
953 1699 993 1728 et
1017 1705 1229 1729 mensura-m
1258 1692 1447 1741 quandam
1477 1706 1519 1728 ex
1547 1706 1621 1729 sua-
1640 1695 1792 1731 natione
1819 1697 2019 1734 maximam

178 1764 322 1807 partem
345 1755 523 1806 pendere.
575 1754 675 1791 Nam⁴
695 1754 735 1791 in
763 1754 915 1791 Homeri
942 1755 1172 1792 carminibus
1198 1755 1432 1805 apertissime
1454 1762 1635 1806 tanquam
1673 1744 1720 1793 in-
1749 1759 1901 1808 speculo
1939 1772 2021 1797 cer-

179 1820 292 1865 nitur,
320 1831 433 1867 quam
460 1824 629 1852 accurate
657 1817 788 1852 Graeci
815 1818 862 1852 'm-
881 1819 1006 1866 lingua
1037 1819 1196 1854 coiend'a
1229 1827 1266 1854 et
1289 1819 1535 1867 propaganda
1558 1828 1722 1856 naturae·
1739 1823 1890 1872 vestigia
1915 1837 2020 1872 pres-

175 1882 303 1929 serint,
330 1893 445 1931 quam
470 1880 667 1930 praeclare·
683 1879 759 1916 sint
780 1880 1015 1930 ratiocinati,
1043 1888 1088 1918 ut
1113 1882 1307 1918 notionem
1333 1893 1375 1918 ex
1402 1883 1567 1919 notione
1587 1882 1824 1933 derivarent,
1859 1898 1934 1935 qua
1962 1886 2019 1922 iu·-

177 1945 265 1980 dicii
291 1945 447 1980 sanitate
473 1956 495 1979 a
520 1951 651 1979 natura
665 1970 684 1989 ,-
712 1956 829 1991 quam
851 1946 1022 1981 sensibus
1047 1947 1243 1981 verissime*
1263 1946 1547 1994 percipiebant,
1583 1947 1828 1984 similitudine
1858 1949 2018 1985 interce-

177 2005 290 2043 dente
317 2005 370 2042 ad*
391 2005 588 2042 interiores
613 2005 727 2041 animi
754 2004 944 2042 facultates
968 2007 1193 2043 transierint.
1246 2007 1352 2044 Haec
1369 2007 1562 2056 singularis
1587 2009 1775 2044 sermonis
1797 2009 1911 2045 virtus
1937 2009 2020 2046 effi·-

177 2070 250 2116 cit,
285 2076 327 2105 ut
351 2070 534 2105 Homerus
565 2069 736 2105 omnium
762 2069 885 2105 studia
913 2071 1067 2118 excitet,
1099 2072 1244 2107 animos
1277 2078 1402 2107 teneat
1414 2096 1432 2117 ,›
1460 2084 1586 2120 neque
1617 2073 1742 2108 minus
1767 2073 2018 2122 iucunditatis,

178 2143 291 2181 quam
318 2131 485 2168 utilitatis
508 2130 716 2182 legentibus
743 2130 885 2167 offerat.
936 2131 1018 2169 Jam
1044 2145 1141 2169 vero·
1160 2145 1277 2181 quum
1306 2133 1353 2167 in·
1370 2132 1454 2180 ipsa·
1476 2139 1711 2168 externarum
1737 2146 1862 2169 rerum
1889 2142 2019 2172 natura

176 2195 379 2244 spectanda
406 2208 484 2231 non
509 2207 612 2231 unus
631 2195 680 2230 sit
703 2196 954 2243 spectantium
980 2209 1121 2244 sensus,
1143 2196 1209 2233 sed
1225 2203 1339 2245 prout
1364 2194 1505 2244 aliquis·
1526 2209 1547 2232 a
1574 2196 1766 2233 communi
1795 2203 1929 2236 natura
1950 2212 2017 2237 suo

175 2259 302 2295 animo
330 2256 528 2306 abhorret',
554 2270 682 2308 neque
705 2258 877 2295 intimam
903 2272 990 2297 eum
1016 2260 1210 2298 homerica
1237 2267 1363 2296 mente
1389 2258 1680 2296 familiaritatem
1702 2262 1911 2309 contraxit,
1939 2276 2019 2300 ma-

174 2324 246 2370 gna
273 2320 401 2358 iudicii
429 2321 619 2358 diversitas
645 2322 922 2372 conspiciatur,
955 2331 1137 2374 perpetua
1163 2324 1371 2360 carminum
1398 2323 1560 2358 lectione
1591 2335 1635 2357 eo
1665 2322 1836 2359 nitamur>
1857 2332 2019 2374 oportet,

175 2390 230 2431 ut,
253 2385 283 2420 si
312 2384 411 2433 quid
431 2397 562 2435 sapere
587 2385 694 2422 bona
715 2385 863 2422 indoles
887 2387 1094 2435 concedat,
1121 2386 1258 2424 eadem·
1279 2393 1391 2435 poeta
1417 2385 1457 2422 in
1482 2384 1564 2421 dies
1589 2387 1726 2422 rectius
1755 2387 2018 2435 cognoscendo

1580 2453 1601 2486 1,
